101  9100001912737206971506161217A094101WELLSFARGO             COMANAGELLC
5200COMANAGELLC     ACH SETTLEMENT      1234567890CCDPAYMENT         150616   1001237370000001
6271221052785005486880       0000082100               JENNIFER DEMPSEY LLC D  0001237370000001
6271221052786886896684       0000864107               JENNIFER DEMPSEY LLC D  0001237370000002
6223221747951228713          0000220000               ARIZONA ELITE CLEANERS  0001237370000003
622122100024785323353        0000020125               M AND M HEATING AND CO  0001237370000004
820000000400688485350000009462070000002401251234567890                         001237370000001
5220COMANAGELLC     ACH SETTLEMENT      1234567890PPDPAYMENT         150616   1001237370000002
6221221052789886521146       0000101832               KENNETH A HUBBARTT      0001237370000001
6221221052789886521146       0000069863               KENNETH A HUBBARTT      0001237370000002
822000000200244210540000000000000000001716951234567890                         001237370000002
9000002000002000000060093269589000000946207000000411820