101  9100001912737206971506161208A094101WELLSFARGO             COMANAGELLC
5225COMANAGELLC     ACH SETTLEMENT      1234567890CCDPAYMENT         150616   1001237370000001
6271221052785005486880       0000082100               JENNIFER DEMPSEY LLC D  0001237370000001
822500000100122105270000000821000000000000001234567890                         001237370000001
9000001000001000000010012210527000000082100000000000000
9999999999999999999999999999999999999999999999999999999999999999999999999999999999999999999999
9999999999999999999999999999999999999999999999999999999999999999999999999999999999999999999999
9999999999999999999999999999999999999999999999999999999999999999999999999999999999999999999999
9999999999999999999999999999999999999999999999999999999999999999999999999999999999999999999999
9999999999999999999999999999999999999999999999999999999999999999999999999999999999999999999999